@article{inadmissible_rareying,
    author = {McMurdie, Paul J. AND Holmes, Susan},
    journal = {PLOS Computational Biology},
    publisher = {Public Library of Science},
    title = {Waste Not, Want Not: Why Rarefying Microbiome Data Is Inadmissible},
    year = {2014},
    month = {04},
    volume = {10},
    pages = {1-12},
    number = {4}
}

@ARTICLE{goodwin_traditional_env_monitoring,
  
AUTHOR={Goodwin, Kelly D. and Thompson, Luke R. and Duarte, Bernardo and Kahlke, Tim and Thompson, Andrew R. and Marques, João C. and Caçador, Isabel},   
	 
TITLE={DNA Sequencing as a Tool to Monitor Marine Ecological Status},      
	
JOURNAL={Frontiers in Marine Science},      
	
VOLUME={4},      

PAGES={107},     
	
YEAR={2017},      
	  

	

	

}

@article{BORJA2009231,
title = "Assessing the suitability of a range of benthic indices in the evaluation of environmental impact of fin and shellfish aquaculture located in sites across Europe",
journal = "Aquaculture",
volume = "293",
number = "3",
pages = "231 - 240",
year = "2009",
issn = "0044-8486",


author = "Ángel Borja and J. Germán Rodríguez and Kenny Black and Alain Bodoy and Chris Emblow and Teresa F. Fernandes and Janez Forte and Ioannis Karakassis and Iñigo Muxika and Thom D. Nickell and Nafsika Papageorgiou and Fabio Pranovi and Katerina Sevastou and Paolo Tomassetti and Dror Angel",
keywords = "Marine aquaculture, Benthic indicators, Cages, Fishes, Molluscs, Environmental impact, Hydrodynamics, Europe, Mediterranean, Atlantic"
}


@article{hermans_bacteria_2016,
	title = {Bacteria as emerging indicators of soil condition},
	journal = {Applied and Environmental Microbiology},
	author = {Hermans, Syrie M. and Buckley, Hannah L. and Case, Bradley S. and Curran-Cournane, Fiona and Taylor, Matthew and Lear, Gavin},
	month = oct,
	year = {2016},
	pages = {AEM.02826--16}
}



@article{css_diff_abund,
	title = {Robust methods for differential abundance analysis in marker gene surveys},
	volume = {10},

	pages = {1200--1202},
	number = {12},
	journaltitle = {Nature methods},
	shortjournal = {Nat Methods},
	author = {Paulson, Joseph N. and Stine, O. Colin and Bravo, Héctor Corrada and Pop, Mihai}
	
}

@article{pereira_comparison_2018,
	title = {Comparison of normalization methods for the analysis of metagenomic gene abundance data},
	volume = {19},
	issn = {1471-2164},


	
	journaltitle = {{BMC} Genomics},
	
	author = {Pereira, Mariana Buongermino and Wallroth, Mikael and Jonsson, Viktor and Kristiansson, Erik},

	date = {2018-04-20},

}

@online{abundance_nodate,
	title = {Abundance and amplification bias in amplicon sequencing},
	url = {https://drive5.com/usearch/manual/amplification_bias.html},
	urldate = {2019-08-14},
	author ={Robert Edgar}
}

@article{krehenwinkel_estimating_2017,
	title = {Estimating and mitigating amplification bias in qualitative and quantitative arthropod metabarcoding},
	volume = {7},

	pages = {1--12},
	number = {1},
	journaltitle = {Scientific Reports},
	shortjournal = {Sci Rep},
	author = {Krehenwinkel, Henrik and Wolf, Madeline and Lim, Jun Ying and Rominger, Andrew J. and Simison, Warren B. and Gillespie, Rosemary G.},
	date = {2017-12-15}
}

@article{edgar_unbias:_2017,
	title = {{UNBIAS}: An attempt to correct abundance bias in 16S sequencing, with limited success},
	url = {https://www.biorxiv.org/content/10.1101/124149v1},
	shorttitle = {{UNBIAS}},
	pages = {124149},
	journaltitle = {{bioRxiv}},
	author = {Edgar, Robert C.},
	date = {2017-04-04}
}

@article{bullard_evaluation_2010,
	title = {Evaluation of statistical methods for normalization and differential expression in {mRNA}-Seq experiments},
	volume = {11},
	issn = {1471-2105},

	pages = {94},
	journaltitle = {{BMC} bioinformatics},
	shortjournal = {{BMC} Bioinformatics},
	author = {Bullard, James H. and Purdom, Elizabeth and Hansen, Kasper D. and Dudoit, Sandrine},
	date = {2010-02-18},
	pmid = {20167110},
	pmcid = {PMC2838869}
}

@article{weiss_correlation_2016,
	title = {Correlation detection strategies in microbial data sets vary widely in sensitivity and precision},
	volume = {10},
	issn = {1751-7362},
	pages = {1669--1681},
	number = {7},
	journaltitle = {The {ISME} Journal},
	shortjournal = {{ISME} J},
	author = {Weiss, Sophie and Van Treuren, Will and Lozupone, Catherine and Faust, Karoline and Friedman, Jonathan and Deng, Ye and Xia, Li Charlie and Xu, Zhenjiang Zech and Ursell, Luke and Alm, Eric J and Birmingham, Amanda and Cram, Jacob A and Fuhrman, Jed A and Raes, Jeroen and Sun, Fengzhu and Zhou, Jizhong and Knight, Rob},
	date = {2016-07}}

@article{AQUATIC_INSECTS_BIOMONITORING,
	author = {BONADA, Núria and Prat, Narcís and H Resh, Vincent and Statzner, Bernhard},
	year = {2006},
	month = {02},
	pages = {495-523},
	title = {Developments in Aquatic Insect Biomonitoring: A Comparative Analysis of Recent Approaches},
	volume = {51},
	journal = {Annual review of entomology}
}
@online{emscher,

	title = {Emschergenossenschaft (EG) und Lippeverband (LV)},

	url = {https://www.eglv.de},

	urldate = {2019-08-20}
}

@online{us_epa_our_2013,
	title = {Our Mission and What We Do},
	url = {https://www.epa.gov/aboutepa/our-mission-and-what-we-do},
	titleaddon = {{US} {EPA}},
	type = {Overviews and Factsheets},
	author = {{US} {EPA}, {OA}},
	urldate = {2019-08-20}

}

@online{eia_eu,
	title = {Environmental Impact Assessment},
	OPTorganization = {European Commission},
	url = {https://ec.europa.eu/environment/eia/index_en.htm},
	urldate = {2019-08-20}
}

@article{cordier_supervised_2018,
	title = {Supervised machine learning outperforms taxonomy-based environmental {DNA} metabarcoding applied to biomonitoring},
	volume = {18},
	pages = {1381--1391},
	number = {6},
	journaltitle = {Molecular Ecology Resources},
	author = {Cordier, Tristan and Forster, Dominik and Dufresne, Yoann and Martins, Catarina I. M. and Stoeck, Thorsten and Pawlowski, Jan},
	date = {2018-11}

}

@article{cordier_predicting_2017,
	title = {Predicting the Ecological Quality Status of Marine Environments from {eDNA} Metabarcoding Data Using Supervised Machine Learning},
	volume = {51},

%	doi = {10.1021/acs.est.7b01518},
	pages = {9118--9126},
	number = {16},
	journaltitle = {Environmental Science \& Technology},
	author = {Cordier, Tristan and Esling, Philippe and Lejzerowicz, Franck and Visco, Joana and Ouadahi, Amine and Martins, Catarina and Cedhagen, Tomas and Pawlowski, Jan},

	date = {2017-08-15}

}

@article{stoeck_environmental_2018,
	title = {Environmental {DNA} metabarcoding of benthic bacterial communities indicates the benthic footprint of salmon aquaculture},
	volume = {127},

	pages = {139--149},
	journaltitle = {Marine Pollution Bulletin},
	author = {Stoeck, Thorsten and Frühe, Larissa and Forster, Dominik and Cordier, Tristan and Martins, Catarina I.M. and Pawlowski, Jan},
	date = {2018-02}}
